2804 3590
136 224 248 279 quod
275 235 506 280 cognomen
532 223 655 266 amici
684 232 816 275 quem
841 223 963 275 poeta
998 220 1176 275 adpellat
1200 225 1414 276 repertum
1452 224 1515 263 est
1539 233 1744 276 nmquam
1775 224 1852 267 nisi
1882 224 1960 268 boc
1993 224 2099 268 loco.
2156 224 2258 268 baec
2291 236 2398 279 quae
2420 226 2557 290 ‘modo

135 304 428 358 efflagitavimus
461 301 644 358 pendent
682 302 820 344 omnia
855 313 879 343 e
915 302 1048 345 verbis
1082 301 1260 344 mnium
1295 311 1486 355 quaerere
1513 301 1566 345 ad
1595 314 1706 357 quae
1732 302 1785 345 11.
1804 325 1822 334 -
1836 302 1884 345 P.
1919 302 2020 346 haec
2054 301 2249 349 adenibit
2284 303 2383 354 ‚sto
2410 305 2555 348 mino&

136 381 368 428 Necessitate
393 383 521 425 metri.
577 379 672 425 Non
700 380 817 424 credo
845 379 1154 428 amamini-n,
1184 389 1256 422 nec
1278 379 1367 422 vnde·
1390 381 1650 434 ememptnm..
1686 381 1783 431 Alii,
1811 384 1895 434 iam
1923 383 2138 432 moniti,
2170 386 2402 442 mv
2431 395 2557 463 ‘ae-

134 461 315 504 siverunt
355 460 423 504 alii
460 461 503 501 et
536 461 810 511 reppererunt
844 461 891 502 ut
932 458 1011 502 sibi
1047 457 1229 502 fortassis
1272 458 1397 502 etiam
1429 458 1518 503 aliis
1553 459 1624 502 visi
1662 461 1770 503 sunt.
1806 462 1849 502 at
1875 459 1978 503 baec
2006 462 2205 514 quaestio„
2225 463 2361 506 omnis
2402 463 2556 505 inutili·

135 541 199 581 ter
226 539 384 582 videtur
410 539 523 580 mota
551 547 644 581 esse
670 549 695 580 a
723 536 865 580 critico
892 536 1051 580 batavo.
1087 546 1184 579 nam
1213 537 1382 580 mittere
1411 536 1474 579 vel
1505 537 1698 583 omittere
1726 537 1825 592 quid
1855 538 1889 580 is
1917 539 2007 580 iure
2036 538 2183 580 dicitur
2211 541 2281 594 qui
2309 540 2417 582 illud
2439 540 2557 594 quid-

134 615 232 668 quid
258 618 323 659 est
358 614 482 658 abicit
507 616 640 660 totum
668 612 763 657 forti
790 626 889 657 usus
918 614 1108 664 consilio,
1146 615 1290 657 contra
1319 615 1389 669 qui
1417 615 1602 658 remittit*
1616 626 1706 658 rem
1734 617 1919 659 animum
1939 617 2230 670 aliquantisper
2254 618 2306 659 ab
2326 629 2375 660 ea
2400 622 2556 660 avocat.

134 692 271 747 itaque
299 693 342 735 in
370 704 466 738 eum
493 693 611 737 cuius
637 693 797 736 animus
826 693 933 737 curis
960 694 1124 748 angitur
1151 694 1193 736 et
1220 693 1561 737 sollicitudinibus
1594 705 1690 737 eum
1719 696 1898 737 maxime
1926 694 2118 737 convenit
2153 695 2391 737 remittendi
2419 697 2492 745 vis,
2521 695 2557 736 si

133 772 299 826 quidem
322 772 507 816 >evellere
545 775 589 814 et
626 773 854 827 exstirpare
888 773 1004 817 illum
1040 774 1196 815 metum
1235 773 1304 815 vix
1334 776 1460 827 queat
1492 773 1568 816 sed
1609 784 1804 827 maguum
1837 774 1996 816 ecficiat
2023 774 2057 815 si
2086 774 2244 816 minuat
2273 777 2316 816 et
2343 775 2476 826 sopiat
2501 771 2555 814 ad

132 855 307 905 tempus.
332 862 386 894 ne
413 860 682 903 percenseam
716 851 954 900 testimonia
978 850 1029 893 ab
1059 848 1217 892 Orellio
1254 850 1424 905 aliisque
1459 852 1580 894 citata
1611 853 1708 894 satis
1744 851 1876 895 habeo
1922 864 2270 896 commemorasse
2306 851 2553 906 prudentem

131 930 251 973 Fabri
277 929 415 973 adnot.
452 927 507 970 ad
535 927 700 971 Salustii
727 929 823 972 belli
859 929 1049 984 Jugurtn.
1086 940 1120 971 c.
1149 928 1218 971 52.
1247 930 1385 983 itaque
1413 931 1447 971 si
1476 930 1575 984 quid
1602 930 1865 974 laudabiliter
1893 930 2079 973 videatur
2105 931 2260 973 dictum
2289 933 2333 974 in
2361 931 2441 972 boc
2468 941 2555 971 car·

131 1009 255 1059 mine,
282 1007 484 1051 laudarim
511 1008 687 1049 remittas
714 1019 905 1062 quaerere
932 1007 1099 1056 dictum,
1127 1018 1212 1049 non
1237 1010 1370 1051 ηιὶααε
1397 1009 1460 1051 vel
1487 1011 1657 1051 omum.
1716 1010 1760 1050 in
1796 1009 1994 1062 proximis
2021 1020 2107 1051 non
2134 1009 2269 1051 babeo
2298 1009 2435 1051 dicere
2464 1010 2555 1061 quis

131 1088 286 1142 primus
323 1086 526 1131 notaverit
551 1097 643 1135 nec,
690 1086 839 1128 abiecit
872 1086 1029 1140 primus
1057 1086 1280 1129 Mauricius
1308 1086 1510 1140 Hauptius
1547 1088 1591 1129 in
1618 1087 1810 1140 exemplo
1840 1086 2184 1129 Weidmanniano
2214 1099 2340 1140 quem
2369 1086 2556 1139 sequitur

130 1170 238 1223 Aug.
257 1164 490 1211 Meinekius
515 1164 616 1208 item
643 1163 786 1208 Franc.
815 1158 980 1208 Padus.
1005 1176 1088 1220 nec
1110 1166 1293 1208 mirabor
1320 1167 1354 1208 si
1383 1166 1535 1208 inventi
1562 1165 1716 1207 fuerint
1744 1165 1815 1219 qui
1843 1164 2116 1218 Hauptianam
2154 1166 2456 1208 correctionem
2483 1175 2555 1206 ex-

130 1244 302 1300 plosisse
338 1243 417 1288 sibi
452 1243 665 1287 videantur
698 1244 920 1298 propositis
965 1243 1104 1299 paucis
1141 1244 1274 1287 verbis
1311 1245 1356 1287 in
1392 1245 1540 1298 quibus
1575 1257 1647 1287 nec
1683 1245 1865 1287 cernitur
1905 1245 1949 1286 in
1985 1245 2021 1285 vi
2055 1245 2238 1298 negativa
2266 1243 2555 1286 continuanda.

131 1325 299 1379 longum
328 1324 393 1366 est
420 1322 543 1367 huius
571 1322 684 1366 modi
712 1323 904 1372 adnotata
941 1323 985 1365 in
1014 1323 1162 1377 quibus
1190 1325 1349 1365 temere
1376 1323 1505 1366 multa
1535 1325 1761 1367 miscentur
1797 1323 1852 1365 ad
1889 1325 2022 1365 vivum
2057 1335 2244 1366 resecare
2278 1335 2355 1365 nec
2381 1323 2434 1364 ad
2462 1334 2554 1364 rem

131 1415 236 1457 quae
271 1402 311 1445 b.
341 1402 368 1445 l.
395 1403 531 1457 agitur
568 1403 624 1446 ita
656 1401 833 1445 multum
868 1402 1060 1456 pertinet.
1115 1412 1295 1456 namque
1325 1401 1564 1445 abiciendae
1606 1402 1713 1444 illius
1749 1403 1976 1457 scripturae
2004 1414 2109 1457 quae
2146 1401 2258 1444 libris
2293 1401 2453 1454 prodita
2489 1404 2554 1443 est

130 1481 350 1525 necessitas
372 1482 575 1536 repetitur
602 1481 637 1524 si
665 1478 765 1535 quid
792 1478 910 1523 video
938 1480 990 1523 ab
1017 1481 1105 1536 ipsa
1131 1480 1348 1524 sententia.
1378 1480 1448 1533 qui
1476 1481 1587 1524 enim
1615 1480 1696 1523 boc
1723 1485 1941 1524 monuerat
1968 1482 2066 1531 ‚noli
2086 1491 2285 1536 quaerere
2312 1491 2415 1532 quae
2444 1480 2551 1520 bella

130 1560 191 1602 rei
219 1559 406 1614 publicae
425 1560 693 1610 ‘inmineant‘‚
721 1571 807 1603 non
834 1562 998 1614 poterat
1025 1561 1059 1604 si
1088 1559 1256 1615 quidem
1283 1560 1449 1614 saperet
1476 1559 1587 1603 aliud
1615 1560 1803 1603 subicere
1830 1561 1908 1604 nisi
1937 1560 2018 1604 hoc
2045 1564 2104 1611 ‚et
2130 1560 2266 1603 fruere
2294 1559 2457 1613 paratis‘
2485 1558 2549 1598 vel

131 1639 317 1692 negative
361 1650 477 1689 ,neve
506 1638 667 1681 dubites
694 1639 860 1693 ingenio
889 1639 1131 1694 indulgere‘.
1160 1641 1302 1683 contra
1330 1639 1382 1681 ab
1410 1649 1462 1681 eo
1498 1639 1569 1692 qui
1598 1638 1703 1681 haec
1729 1640 2025 1681 consarcinavit
2060 1642 2155 1694 post
2193 1638 2374 1692 priorem
2409 1637 2550 1679 admo·

130 1716 328 1759 uitionem
357 1716 460 1758 baec
487 1716 617 1758 altera
634 1715 756 1770 plane
779 1715 918 1770 dispar
937 1716 1111 1760 infertur
1139 1728 1255 1766 ,neve
1282 1716 1338 1759 sis
1366 1727 1513 1770 parcus
1540 1716 1743 1765 nimium,‘
1772 1727 1881 1770 quae
1907 1728 2030 1770 quam
2059 1717 2166 1759 male
2195 1717 2303 1758 inter
2331 1727 2376 1756 se
2404 1715 2549 1757 cohae-

130 1796 249 1836 reant
275 1793 422 1836 edocet
457 1795 493 1838 si
530 1806 635 1848 opus
661 1795 717 1837 sit
750 1795 785 1837 is
821 1795 892 1848 qui
910 1836 912 1838 ,
927 1807 1014 1844 ,nec
1049 1796 1231 1849 trepides‘
1266 1795 1322 1837 ita
1357 1794 1527 1849 exponit
1560 1806 1661 1842 ,non
1689 1796 1920 1848 trepidans‘.
1978 1806 2120 1837 verum
2154 1805 2252 1835 suae
2287 1792 2548 1835 homuncioni

131 1871 421 1926 relinquendae
449 1874 546 1914 sunt
572 1872 751 1927 ineptiae
769 1884 846 1915 nec
873 1872 1069 1915 levandae
1097 1873 1385 1916 emendatione
1413 1874 1481 1916 illa
1511 1874 1576 1915 cui
1604 1885 1689 1915 non
1716 1873 1851 1914 favent
1878 1872 1968 1914 libri
1999 1884 2095 1914 mss.
2125 1875 2197 1914 aut
2224 1872 2550 1924 interpunctione

131 1951 331 2006 graviore.
374 1950 500 2006 idque
536 1961 593 1993 eo
623 1952 753 2007 magis
789 1951 902 2007 quod
944 1950 1182 1994 incredibile
1220 1951 1332 1994 dictu
1366 1955 1428 1994 est
1465 1964 1587 2006 quam
1622 1963 1770 2007 parum
1805 1951 1869 1993 his
1906 1951 2198 1992 mutationibus
2239 1948 2330 1992 illae
2371 1950 2549 2002 ineptiae

129 2028 326 2072 leventur.
360 2029 473 2087 quod
502 2029 599 2084 quid
627 2030 758 2073 valeat
791 2030 980 2073 facillime
1014 2031 1070 2072 ita
1098 2029 1360 2084 intellegetur
1388 2033 1434 2071 ut
1462 2031 1638 2086 demptis
1674 2032 1883 2086 prioribus
1919 2031 2109 2073 carminis
2146 2029 2303 2071 initium
2333 2027 2454 2069 facias
2482 2027 2550 2069 illa

128 2118 194 2157 ‚ne
222 2108 401 2161 trepides
429 2109 472 2151 in
501 2120 622 2151 usum
650 2112 742 2158 —‘,
778 2121 913 2180 neque
942 2109 1051 2151 enim
1080 2108 1380 2151 desiderabitur
1409 2111 1641 2164 quicquam.

277 2219 520 2263 Accedimus
549 2219 601 2263 ad
630 2220 800 2263 alteram
829 2220 1040 2275 stropham
1069 2220 1112 2262 in
1146 2230 1227 2274 qua
1255 2220 1375 2274 plena
1403 2224 1499 2263 sunt
1526 2222 1663 2263 omnia
1702 2221 1998 2263 obsensionum.
2056 2220 2269 2272 incipimus
2303 2229 2325 2259 a
2362 2221 2549 2259 constru-

128 2297 263 2340 ctione
290 2297 510 2341 verborum
551 2311 616 2349 ,ne
652 2300 817 2354 trepides
853 2300 896 2340 in
933 2310 1049 2339 ustam
1077 2300 1274 2352 poscentia
1308 2301 1400 2341 aevi
1426 2304 1590 2353 μωσιν.
1632 2311 1754 2352 quam
1791 2301 1898 2341 inter
1933 2300 2089 2351 priores
2118 2299 2465 2339 commentatores
2504 2301 2551 2338 ut

128 2376 289 2418 videtur
308 2377 499 2419 convenit
526 2377 583 2419 ita
612 2388 703 2420 esse
731 2378 1020 2420 instituendam
1048 2380 1096 2418 ut
1124 2379 1346 2431 genitivum
1377 2380 1469 2420 aevi
1496 2390 1740 2432 suspensum
1769 2379 1915 2420 vellent
1943 2388 2033 2419 esse
2060 2388 2084 2418 e
2107 2376 2233 2418 verbo
2262 2375 2444 2428 trepida,
2474 2387 2552 2417 nec

128 2465 226 2496 vero
250 2457 314 2496 est
342 2455 452 2509 quod
482 2455 592 2498 hunc
621 2457 785 2510 genitivi
814 2469 934 2499 usum
963 2467 1187 2498 moremur.
1221 2457 1295 2499 sed
1322 2458 1505 2500 nascitur
1537 2457 1633 2498 inde
1660 2458 1695 2498 si
1733 2456 1830 2510 quid
1867 2455 1983 2497 video
2012 2454 2122 2498 aliud
2150 2454 2461 2497 incommodum
2489 2455 2548 2496 id-

129 2545 210 2586 que
237 2535 473 2577 maximum.
501 2546 597 2577 nam
627 2523 831 2588 trepidare
856 2537 946 2577 aevi
969 2536 1071 2578 nihil
1098 2539 1161 2577 est
1188 2535 1266 2577 nisi
1295 2536 1389 2590 angi
1429 2535 1482 2578 de
1510 2546 1611 2577 aevo
1641 2535 1667 2576 i.
1697 2546 1733 2576 e.
1763 2524 1981 2587 longumne
2009 2534 2194 2576 futurum
2231 2534 2283 2576 sit
2315 2545 2369 2576 an
2414 2533 2548 2581 breve,

129 2612 389 2665 integrumne
418 2626 470 2655 an
498 2612 605 2656 male
633 2612 831 2664 habitum,
862 2613 940 2658 hoc
969 2616 1108 2657 autem
1136 2613 1227 2657 loco
1257 2613 1477 2657 dicendum
1506 2617 1595 2657 erat
1623 2612 1922 2656 desiderantem
1952 2612 2064 2666 quod
2091 2614 2188 2656 satis
2216 2616 2280 2655 est
2307 2623 2393 2654 non
2412 2612 2547 2652 vexari

129 2688 265 2732 animo
295 2686 347 2731 de
375 2688 513 2735 futuro
541 2693 658 2736 victu.
688 2691 840 2736 leviora
878 2691 980 2736 haec
1017 2693 1112 2735 sunt
1147 2689 1259 2745 quod
1296 2691 1419 2735 verba
1459 2692 1502 2736 in
1529 2703 1645 2735 usum
1681 2691 1830 2733 misere
1868 2691 2077 2733 abundant
2113 2694 2155 2733 et
2189 2692 2302 2746 quod
2331 2692 2548 2733 verborum

130 2767 342 2822 dispositio
370 2772 454 2812 tam
483 2773 546 2813 est
574 2772 762 2814 contorta
789 2771 831 2813 et
859 2772 998 2813 coacta
1020 2772 1068 2812 ut
1095 2781 1179 2813 non
1207 2767 1393 2812 videatur
1419 2769 1571 2813 habere
1590 2770 1910 2813 excusationem.
1966 2770 2107 2812 relicta
2139 2771 2207 2813 illa
2243 2770 2549 2813 constructione

128 2847 378 2889 recentiores
407 2849 643 2893 maluerunt
670 2851 842 2902 iungere
871 2850 974 2892 haec
1001 2861 1071 2892 nec
1099 2849 1266 2902 trepides
1293 2850 1337 2890 in
1364 2860 1492 2891 usum.
1521 2860 1623 2902 quos
1651 2860 1735 2890 non
1764 2849 2028 2892 mediocriter
2055 2850 2156 2892 iuvit
2183 2852 2288 2903 Aug.
2315 2849 2548 2892 Meinekius

129 2926 323 2978 adpositis
352 2927 595 2978 quibusdam
622 2927 842 2982 sophocliis
870 2927 1003 2970 verbis
1031 2938 1212 2979 cumque.
1235 2925 1438 2971 malorum
1467 2926 1578 2980 optio
1609 2924 1704 2969 data
1733 2925 1931 2976 videatur,
1961 2926 2096 2971 minus
2124 2929 2171 2970 ut
2197 2936 2287 2969 mea
2307 2925 2389 2970 fert
2408 2928 2547 2982 opinio

130 3005 286 3058 optabit
313 3004 347 3046 is
375 3007 444 3056 qui
472 3007 525 3049 ad
552 3008 805 3051 recentiores
834 3019 879 3050 se
918 3004 1246 3050 accommodarit.
1303 3004 1376 3051 sed
1405 3004 1693 3050 admonitionis
1722 3016 1828 3059 quae
1856 3006 1899 3049 in
1927 3005 1991 3049 his
2021 3006 2127 3051 inest
2153 3006 2234 3049 vim
2260 3008 2304 3049 et
2330 3005 2546 3050 consilium

127 3097 212 3125 non
250 3096 347 3125 sane
382 3085 615 3129 confirmari
656 3091 781 3140 atque
810 3086 990 3130 adiuvari
1024 3085 1093 3128 illo
1127 3083 1325 3138 adparatu
1353 3084 1423 3138 qui
1450 3086 1545 3138 post
1581 3084 1801 3139 exponitur
1828 3084 1964 3129 H.-P.
2003 3085 2142 3130 statuit
2170 3085 2416 3137 rectissime,
2451 3095 2546 3128 nam

128 3166 185 3206 ut.
198 3163 380 3205 delicatis
409 3164 643 3208 hominibus
679 3167 749 3220 qui
777 3169 896 3210 erant
922 3164 1096 3219 Augusti
1124 3165 1258 3208 aetate
1285 3163 1392 3208 visus
1419 3162 1472 3206 sit
1499 3177 1584 3209 non
1611 3176 1805 3219 magnus,
1858 3165 1894 3208 is
1929 3164 1998 3219 qui
2037 3162 2090 3207 de
2127 3162 2266 3208 tuturo
2295 3165 2401 3208 victu
2429 3163 2546 3206 timet

128 3242 247 3285 aliter
272 3242 459 3296 profecto
485 3243 649 3288 iudicat.
