2804 3590
1358 74 1432 118 1111

328 200 443 245 um
469 189 609 243 ntem
634 199 696 242 ‹10-
714 197 863 251 mnam
888 198 1019 242 modo
1047 197 1224 241 diximus
1252 197 1308 240 aa
1327 198 1554 242 comment
1573 198 1672 242 m
1692 197 1893 253 proximis
1919 208 1972 242 οι
1987 197 2062 243 in·
2079 200 2243 246 nuo-e
2268 203 2471 249 »arthenai
2491 209 2534 249 et
2551 206 2613 249 in-

176 277 450 334 terpungendi
478 275 997 335 qui-'mmgs‘fleinekius
1021 278 1130 328 iu'it,
1158 279 1206 320 ut
1233 277 1312 321 hae
1338 276 1421 320 sint
1451 279 1590 331 partes
1616 278 1845 321 sententiae
1872 286 2111 332 ,na-parcas
2134 276 2312 326 nimian
2339 281 2440 335 assi,
2467 288 2613 340 θυμω

174 359 301 441 abi·
325 347 621 420 knew&
636 355 691 399 (le
719 368 805 412 quo
833 356 988 412 genere
1016 360 1210 412 congesta
1235 358 1334 399 sunt
1363 354 1576 398 horatiana
1602 367 1689 400 non
1712 366 1843 411 pauca
1871 368 1895 400 a
1923 357 2037 400 loan-
2057 358 2226 412 Apltzio
2248 360 2452 405 Coniecttss
2477 374 2523 418 p.
2547 361 2613 405 17.

177 437 346 490 duaque
381 434 568 482 -emb-
604 444 786 487 quorum
812 436 989 479 aiterum
1023 434 1250 479 arctissime
1276 434 1510 478 adnectitur
1543 435 1671 488 priori
1707 431 1825 479 facite
1862 434 2117 479 definitum
2148 436 2252 491 qnid
2292 439 2463 482 valeant.
2499 442 2612 494 prins

175 516 247 570 φή
280 512 420 568 pauit
452 511 536 555 boe
572 511 703 555 veluit
727 514 930 563 ¹,demitur
976 524 1083 556 unus
1119 512 1209 555 dies
1246 512 1449 556 iuuentuti
1485 523 1593 566 quae
1627 513 1746 556 adest
1781 514 1965 568 itemque
1996 523 2130 565 unus,
2176 525 2276 559 mox
2311 519 2359 560 ut
2391 517 2612 563 iuventutis

174 594 275 639 nibil
300 593 508 635 mun-m·
526 593 581 635 sit
613 591 771 634 relicui‘
812 592 874 635 vel
903 595 950 634 ut
981 592 1145 634 brevius
1184 590 1370 635 dieamus
1399 592 1608 643 ,citissime
1642 593 1789 635 transit
1824 594 2039 636 inventust
2066 593 2244 636 alterum
2272 595 2505 638 membrum
2532 595 2612 638 boc

174 674 359 717 continet
385 674 654 722 ‚sexiectutem
683 681 778 714 cum
806 671 1026 723 accesserit
1050 671 1209 726 pellere
1235 683 1401 715 amores
1429 674 1472 716 et
1498 675 1691 715 somnos‘.
1720 671 1794 715 sed
1823 668 1927 716 haec
1953 672 2039 717 duo
2066 683 2173 728 quae
2199 683 2278 728 per
2303 684 2349 716 se
2376 676 2488 716 recta
2515 675 2612 716 sunt

173 752 395 796 mendum
421 755 488 794 est
513 762 598 806 quo
633 749 760 793 modo
789 750 897 793 inter
931 761 980 793 se
1015 750 1331 805 coniungantur.
1367 751 1451 793 iam
1485 751 1520 794 si
1556 751 1599 795 in
1635 752 1852 808 participio
1886 753 2069 796 'volueris
2102 763 2196 796 esse
2223 753 2422 808 temporis
2445 755 2610 801 notam,

174 833 256 874 boc
280 830 452 873 babebis
481 830 577 878 ‚cito
605 830 753 871 wansit
779 830 970 871 iuventus
997 841 1093 872 eum
1120 829 1238 871 adest
1264 831 1497 872 senectus‘?
1536 830 1647 884 quod
1676 833 1740 873 est
1768 832 2005 874 absurdum.
2035 832 2134 887 quid
2161 831 2320 873 multa?
2354 831 2466 874 nulla
2492 842 2611 884 repe·

171 913 302 954 riemr
333 907 540 963 participii
574 909 672 950 nota
713 918 795 960 qua
841 906 1065 950 constituta
1092 910 1203 950 recta
1231 917 1488 950 conexorum
1518 908 1800 952 membrorum
1828 914 1951 954 exeat
1980 912 2100 954 mtio.
2163 909 2238 953 sed
2264 908 2331 952 fac
2345 909 2495 951 horum
2523 919 2611 950 ver·

172 999 294 1032 suum
322 985 600 1030 confeoeorem
627 985 782 1029 dixisse
817 986 932 1041 quod
959 999 1044 1030 non
1078 986 1182 1029 dixit
1215 985 1382 1040 ,fugisse
1416 985 1444 1028 i.
1478 996 1518 1028 e.
1555 986 1701 1030 abesse
1737 988 1817 1031 iam
1854 989 2135 1039 iuventutem‘,
2159 990 2262 1031 tune
2296 987 2501 1031 videbitur
2526 987 2610 1030 ior·

172 1067 292 1111 tassia
326 1065 542 1120 adsumpta
578 1065 781 1120 temporis
810 1065 1107 1119 significatione
1133 1067 1247 1107 recte
1274 1063 1428 1106 addere
1454 1075 1563 1114 ‚cum
1585 1068 1776 1109 senectus
1802 1077 1964 1110 amores
1992 1070 2035 1109 et
2061 1061 2240 1110 somnos
2257 1066 2399 1120 pellit‘.
2427 1068 2471 1108 at
2499 1066 2609 1107 enim

172 1145 379 1190 videbitur
404 1147 586 1194 tantum,
618 1143 714 1197 quis
742 1143 854 1186 enim
882 1142 963 1186 hoc
990 1143 1196 1186 exaudivit
1221 1151 1405 1195 mquam
1432 1144 1528 1196 post
1556 1144 1679 1190 cmm
1706 1145 1734 1188 i.
1761 1130 2040 1190 effus-beroem
2066 1145 2322 1189 iuventutem
2350 1145 2486 1187 statim
2515 1153 2607 1186 esse

174 1227 428 1270 senectutem
452 1223 648 1266 aridam?
702 1221 913 1264 notissima
941 1221 1008 1264 illa
1036 1223 1133 1263 sunt
1160 1219 1289 1263 Taciti
1316 1219 1441 1263 verba
1475 1222 1552 1270 ,tot
1579 1222 1696 1265 annis
1724 1222 1875 1277 quibus
1903 1224 2070 1267 invenes
2098 1223 2150 1267 ad
2177 1224 2453 1273 senectutem,
2489 1231 2607 1265 senes

173 1314 305 1360 prope
332 1303 387 1345 ad
416 1303 531 1356 ipsos
559 1304 726 1343 exactae
753 1301 899 1342 aetatis
925 1301 1127 1343 terminos
1154 1311 1231 1353 per
1256 1300 1464 1342 silentium
1491 1300 1691 1342 venimus‘
1728 1301 1772 1343 in
1804 1301 1955 1355 quibus
1986 1301 2101 1356 quod
2126 1297 2318 1345 senectus
2354 1303 2419 1343 est
2443 1311 2521 1354 pro
2556 1312 2606 1342 ea

172 1395 297 1437 quam
322 1380 403 1424 nos
431 1380 604 1423 dicimus
629 1378 790 1420 virilem
818 1381 1017 1428 aetatem,
1065 1378 1237 1432 adparet
1272 1382 1358 1421 non
1386 1377 1567 1432 intellegi
1595 1379 1763 1422 aridam.
1818 1390 1946 1434 porro
1974 1381 2078 1425 baec
2104 1380 2227 1424 verba
2263 1379 2307 1421 in
2342 1379 2491 1432 quibus
2518 1389 2606 1420 ver-

172 1473 314 1504 samur
340 1460 465 1502 verba
499 1460 595 1501 sunt
616 1460 766 1511 poetae
794 1457 866 1511 qui
899 1456 1065 1500 adfatur
1082 1476 1084 1479 ·
1099 1458 1294 1500 amicum«
1331 1454 1443 1510 quod
1483 1455 1610 1510 igitur
1648 1456 1749 1500 dicit
1775 1464 1934 1514 ,reputa
1962 1461 2215 1504 iuventutem
2242 1456 2414 1511 tugere‘,
2449 1457 2606 1500 intelle-

171 1539 306 1596 genda
342 1541 406 1581 est
445 1544 517 1580 tua
550 1536 739 1578 iuventus
774 1534 837 1578 vel
874 1539 922 1578 ut
949 1547 1159 1579 summum
1188 1534 1333 1577 demus
1371 1540 1525 1577 nom-a.
1561 1536 1712 1579 merito
1741 1536 1868 1591 igitur
1904 1537 2037 1580 Her.
2071 1537 2179 1580 banc
2215 1536 2387 1589 castigat
2421 1535 2605 1577 iuventu-

170 1624 256 1663 tem
294 1630 440 1660 eorum
483 1627 664 1669 quorum
698 1615 788 1656 cani
825 1617 923 1656 sunt
958 1616 1093 1669 capilli
1129 1615 1172 1657 id
1207 1613 1319 1667 quod
1357 1616 1494 1656 exstat
1529 1626 1566 1656 v.
1598 1615 1663 1658 15.
1719 1615 1799 1659 fuit
1834 1617 1904 1670 qui
1931 1616 2127 1659 Batavum
2163 1615 2357 1659 refellere
2390 1616 2608 1657 conaretur

171 1709 267 1741 mm
294 1706 419 1739 canos
447 1694 677 1737 amicorum
703 1692 872 1746 capillos
901 1704 997 1735 cum
1022 1678 1234 1735 iuventute
1273 1704 1379 1746 quae
1416 1692 1534 1735 adest
1570 1703 1755 1748 pugnare
1791 1696 1986 1749 negaret,
2039 1694 2194 1737 scilicet
2227 1690 2462 1748 generalem
2501 1690 2606 1734 lianc

171 1786 264 1819 ease
286 1773 539 1817 sententiam
567 1773 681 1826 ,suyit
707 1778 819 1815 retro
846 1773 939 1814 levia
966 1772 1173 1814 meatur.
1204 1775 1247 1814 at
1273 1770 1506 1825 generalem
1538 1783 1697 1826 ponere
1725 1773 1972 1817 seutentiam
2000 1783 2107 1827 quae
2134 1767 2357 1816 abhorreat
2384 1783 2408 1814 a
2437 1768 2605 1812 definita

170 1867 221 1897 re
247 1866 354 1908 quae
382 1849 524 1896 subest
550 1850 778 1904 insipientis
806 1852 882 1893 est.

320 1941 559 1984 Transimus
595 1939 647 1982 ad
682 1939 846 1982 tertiam
882 1935 1107 1992 stropham.
1142 1938 1505 1983 subministrantur
1541 1939 1625 1983 duo
1662 1952 1686 1983 e
1720 1952 1863 1984 rerum
1889 1943 2036 1984 natura
2062 1940 2212 1995 petita,
2250 1939 2375 1983 flores
2414 1939 2484 1994 qui
2520 1949 2606 1981 non

172 2032 337 2075 semper
365 2023 459 2063 sunt
487 2020 626 2069 flores,
657 2018 752 2060 luna
782 2029 887 2072 quae
915 2030 1000 2060 non
1025 2029 1191 2072 semper
1219 2019 1284 2060 est
1310 2030 1391 2062 una
1420 2019 1448 2061 i.
1478 2030 1516 2061 e.
1545 2018 1611 2061 vel
1639 2019 1744 2062 no'va
1774 2018 1837 2062 vel
1867 2017 2033 2062 dimidia
2063 2018 2126 2062 vel
2154 2017 2289 2074 plena.
2317 2015 2605 2062 vicissitudinis

171 2101 295 2154 igitur
320 2111 463 2141 rerum
494 2097 682 2140 obsertur
709 2096 881 2150 species.
911 2096 1023 2149 quod
1052 2097 1084 2138 si
1114 2098 1190 2144 est,
1219 2095 1372 2139 frustra
1400 2108 1574 2150 quaeres
1603 2109 1678 2139 cur
1704 2099 1822 2140 verm
1846 2097 2093 2140 inducantur
2118 2096 2266 2147 flores,
2295 2109 2390 2139 cum
2420 2096 2605 2138 omnium

171 2181 273 2221 inec
298 2179 355 2220 sit
382 2177 562 2219 conditio
590 2178 638 2217 ut
662 2174 790 2216 bodie
816 2175 1057 2227 proveniant
1083 2187 1174 2217 cras
1203 2178 1468 2218 marcescant.
1502 2176 1691 2229 proxima
1721 2176 1785 2218 his
1814 2178 1911 2219 sunt
1945 2175 2069 2218 verba
2097 2175 2422 2229 interrogatione
2447 2173 2601 2216 inclusa

169 2257 282 2312 ,quid
316 2254 496 2298 aeternis
529 2254 734 2295 minorem
770 2251 952 2294 consiliis
985 2252 1168 2293 animum
1198 2251 1382 2306 fatigas‘?
1425 2266 1532 2307 quae
1560 2253 1774 2296 inlustrata
1809 2253 1887 2296 illis
1924 2264 2032 2307 quae
2067 2264 2092 2296 e
2126 2265 2267 2295 rerum
2301 2255 2447 2296 natura
2483 2251 2604 2294 ducta

168 2338 266 2378 mut
304 2334 506 2387 exemplis
539 2333 738 2375 denotare
772 2332 853 2373 hoc
894 2331 1083 2373 videntur
1117 2331 1231 2385 ‚quid
1259 2343 1359 2385 ergo
1387 2333 1676 2375 vicissitudinis
1703 2345 1845 2375 rerum
1872 2332 2082 2375 inmemor
2098 2331 2267 2374 consilia
2296 2331 2408 2385 capis
2438 2332 2604 2372 aeterna

168 2418 196 2456 i.
223 2427 261 2457 e.
289 2425 501 2467 nunquam
529 2412 784 2454 interitura‘?
826 2423 935 2464 quae
963 2411 1065 2460 iam,
1108 2423 1282 2464 quaeso,
1322 2415 1418 2454 sunt
1443 2416 1613 2455 aeterna
1641 2414 1812 2456 consilia
1839 2413 1961 2456 amici
1997 2425 2103 2466 quae
2130 2412 2344 2456 abicienda
2372 2411 2603 2465 significat?

167 2493 343 2537 vidimus
371 2503 468 2536 eum
496 2491 602 2534 bella
629 2501 928 2544 expavescere,
970 2489 1145 2534 vidimus
1181 2493 1369 2534 metuere
1396 2494 1444 2534 ut
1469 2492 1600 2536 victus
1627 2492 1831 2547 subpetat.
1865 2492 1944 2536 nisi
1979 2491 2089 2535 bunc
2116 2494 2274 2535 metum
2312 2490 2493 2545 intellegi
2524 2492 2603 2533 sta-

167 2577 274 2622 tuas,
300 2570 413 2614 nulla
441 2570 601 2614 consilii
628 2569 784 2613 nedum
812 2569 971 2611 aeterni
1001 2568 1106 2611 facta
1135 2570 1198 2611 est
1224 2571 1392 2613 mentio.

318 2662 406 2703 lam
440 2661 601 2714 respice
628 2659 805 2713 spatium
840 2659 968 2700 trium
1002 2658 1265 2711 stropharum
1300 2660 1412 2712 quod
1447 2662 1605 2704 emensi
1643 2673 1797 2705 sumus.
1862 2663 1994 2717 prima
2030 2661 2200 2716 stropha
2229 2662 2328 2704 dicit
2357 2660 2392 2701 is
2428 2659 2498 2712 qui
2527 2658 2604 2700 hos

170 2739 393 2784 versimilos
430 2738 603 2781 conkcit
636 2737 736 2789 ‚noli
771 2736 919 2780 timere
955 2736 1064 2779 bella
1092 2748 1199 2789 quae
1227 2736 1373 2780 infesta
1408 2737 1546 2783 futura
1583 2739 1664 2783 sint
1699 2739 1865 2783 ltaliae‘.
1912 2741 2040 2784 altera
2078 2741 2159 2784 hoc
2191 2740 2290 2791 ‚noli
2328 2740 2516 2781 metuere
2551 2734 2603 2778 de

170 2820 278 2862 victu
312 2817 483 2861 futuro‘.
518 2818 640 2859 tertia
680 2817 762 2858 boc
800 2816 898 2866 ‚noli
934 2816 1054 2869 sequi
1091 2819 1257 2858 aeterna
1296 2818 1490 2860 consilia‘.
1546 2830 1670 2872 quem
1705 2820 1833 2874 igitur
1866 2820 2114 2874 qualemque
2147 2818 2347 2874 cogitabis
2385 2815 2602 2868 Quintium

168 2896 415 2951 ffiplnum?
470 2906 622 2948 nempe
649 2895 806 2936 varium
845 2897 890 2935 et
924 2897 1161 2943 ventosum,
1205 2895 1331 2936 modo
1368 2896 1475 2937 bella
1509 2898 1725 2938 timentem
1758 2898 1884 2940 modo
1922 2899 1975 2940 de
2012 2900 2121 2940 victu
2160 2898 2440 2950 ambigentem
2475 2894 2603 2935 modo

169 2979 340 3018 aeterna
369 2974 536 3016 consilia
571 2974 710 3016 animo
747 2972 1082 3028 amplectentem!
1139 2972 1242 3018 haec
1275 2986 1362 3018 non
1398 2978 1462 3018 est
1497 2987 1579 3018 una
1613 2970 1771 3030 species
1812 2975 1990 3020 hominis
2024 2976 2099 3020 sed
2143 2976 2259 3030 quasi
2299 2974 2467 3018 disiecta
2507 2975 2603 3015 sunt

169 3055 356 3099 membra
384 3054 562 3108 pessime
587 3048 869 3097 consarcinata
898 3054 1029 3097 immo
1055 3066 1110 3098 ne
1137 3055 1418 3099 consarcinata
1446 3054 1613 3110 quidem
1639 3054 1715 3098 sed
1742 3055 1912 3111 singulis
1940 3056 2097 3099 inclusa
2125 3053 2319 3110 strophis.

320 3130 402 3176 Tot
429 3132 635 3185 tantisque
661 3132 820 3175 viarum
845 3132 1152 3177 difficultatibus
1178 3134 1390 3190 defatigati
1416 3135 1604 3178 videmur
1637 3135 1807 3179 tandem
1835 3136 1878 3179 in
1906 3147 2127 3182 amoenum
2156 3135 2363 3191 quendam
2389 3144 2599 3176 recesmm

170 3212 322 3257 deferri
348 3223 445 3258 cum
472 3212 648 3267 legimus
675 3211 779 3257 haec
802 3224 891 3264 ‚ow
916 3225 1002 3258 non
1028 3214 1101 3258 sub
1129 3215 1215 3258 alta
1241 3214 1305 3259 vel
1326 3214 1499 3270 platano
1527 3215 1591 3258 vel
1617 3218 1700 3258 —‘.
1752 3215 1825 3259 sed
1853 3216 1888 3259 is
1916 3216 1986 3272 qui
2015 3216 2058 3261 in
2077 3215 2141 3261 bis
2170 3211 2347 3259 babetur
2373 3212 2489 3267 quasi
2509 3224 2602 3257 cur·-
