2804 3590
1354 87 1409 130 Vl

154 220 310 261 numm.
367 216 412 259 in
447 214 601 259 ultimis
646 211 801 261 veneis,
847 212 891 256 ni
927 210 1067 261 fallor,
1111 210 1297 266 cupidius
1332 211 1418 264 egit
1443 210 1577 254 11.-P.
1620 222 1714 253 cum
1740 208 1970 253 Lacaenam
1990 211 2170 264 :propter
2194 215 2378 255 metrum
2402 226 2457 256 ex
2484 215 2590 256 arbi·

154 297 235 339 trio
271 293 482 338 inductam
516 304 607 337 esse
639 290 861 338 coniceret.
894 290 1084 346 edpoaite
1134 291 1246 334 enim
1282 292 1388 345 Aug.
1422 289 1654 334 Meinekius
1699 288 1754 333 de
1787 288 1983 332 hcaenis
2017 288 2126 332 -bnec
2151 293 2414 343 properum
2442 293 2590 336 adtulit

156 382 226 425 ,ese
253 385 380 430 nomae
407 375 602 418 odorum
629 383 733 416 ma
748 372 926 417 moleste
953 374 1127 420 conme‘,
1164 372 1208 413 et
1237 369 1421 413 fortassis
1449 369 1517 413 alii
1547 370 1617 424 qui
1646 368 1857 413 doctrinae
1884 369 2013 423 copiis
2040 368 2253 413 abundant
2279 371 2357 415 alia
2386 375 2589 416 monstra-

156 457 261 498 bunt
287 454 436 509 quibus
464 451 672 507 simplices
701 451 927 495 munditiae
945 450 1224 493 Lacaenamm
1251 448 1492 504 probentur.
1550 449 1623 492 sed
1652 448 1767 504 quod
1794 450 1983 503 comptus
2012 451 2077 491 est
2105 448 2255 499 nodus,
2285 450 2438 505 aliquid
2465 463 2589 495 curae

157 537 199 575 et
224 532 436 586 vtemporis
471 532 515 574 in
549 542 603 574 eo
639 530 826 574 faciendo
864 528 1103 584 ponendum
1141 538 1235 570 esse
1269 527 1452 581 adparet.
1489 528 1603 582 quod
1640 529 1765 583 igitur
1795 527 1909 582 Lyde
1953 527 2118 571 hibetur
2151 527 2431 573 Lacaenamm
2474 543 2590 574 more

157 613 321 665 compta
356 610 516 659 adesse,
552 610 587 652 si
616 608 729 652 domi
757 619 842 651 non
875 607 1003 649 merit
1035 606 1106 649 illo
1141 617 1260 650 more
1289 608 1467 661 compta,
1496 606 1651 660 aliquid
1689 618 1812 650 curae
1846 609 1890 649 et
1926 607 2126 661 temporis
2161 606 2273 649 nodo
2301 607 2504 651 Laconico
2532 610 2590 652 fa-

157 690 303 734 ciendo
333 689 497 732 dederit
524 699 693 731 necesse
721 689 785 728 est
812 688 1032 739 postquam
1061 687 1204 727 vocata
1233 687 1308 727 est.
1345 685 1389 727 id
1423 685 1535 738 quod
1564 697 1659 728 cum
1687 685 1917 729 maturandi
1952 689 2175 739 praecepto
2211 697 2358 740 parum
2386 690 2589 742 congruit.

156 779 332 823 maguus
360 768 487 822 igitur
512 765 721 810 Bentleius
749 765 821 818 qui
850 766 1110 818 ,encomium
1138 764 1185 806 L.
1213 776 1267 806 m.
1296 775 1455 806 comam
1481 765 1653 817 rel-‘qam
1679 765 1804 808 nodo·
1831 764 1954 809 scribi
1982 763 2158 813 volebat,
2187 765 2354 818 egregie
2381 768 2592 821 perspexit

157 848 259 902 quid
285 858 354 891 res
380 844 626 900 postularet,
673 843 824 886 frustra
862 845 1002 886 autem
1038 854 1208 897 operam
1244 843 1498 896 consumpsit
1530 843 1574 886 in
1605 855 1691 886 uno
1726 843 1899 887 naevulo
1932 842 2116 886 tollendo
2152 843 2242 885 eius
2279 843 2490 897 scriptoris
2517 847 2588 899 qui

156 927 295 969 naevis
322 935 473 967 naevos
502 921 697 965 cumulat.
753 921 949 964 intactam
975 921 1244 975 relinquimus
1273 920 1399 963 hodie
1433 920 1546 964 illam
1580 920 1719 964 Batavi
1755 921 2060 964 adnotationem
2097 932 2178 976 qua
2206 921 2466 965 durissimam
2501 935 2590 967 ver-

161 1007 310 1048 borum
338 1003 689 1045 constructionem
716 1002 760 1043 in
788 1001 853 1043 bis
880 1001 1036 1043 ultimis
1064 1002 1239 1042 accusat
1265 1000 1411 1042 redibo
1437 1000 1491 1042 ad
1520 999 1626 1042 bunc
1653 1011 1744 1043 rem
1770 1012 1864 1043 cum
1883 1000 2097 1053 perfecero
2117 1000 2444 1053 disquisitionem
2467 1013 2588 1054 quam

157 1082 316 1126 institui
346 1081 400 1124 dc
432 1079 673 1124 confusione
701 1079 996 1123 adiectivorum
1024 1081 1068 1121 et
1095 1078 1440 1121 substantivorum
1467 1090 1575 1132 quae
1603 1081 1667 1121 est
1696 1079 1738 1121 in
1765 1078 1927 1121 Horatii
1955 1079 2214 1122 carminibus.

311 1157 392 1225 Λᾶ,
412 1157 692 1213 perorandum
733 1160 901 1201 ventum
936 1160 1012 1201 est.
1070 1169 1176 1213 quae
1215 1156 1421 1201 Hofmano
1431 1156 1741 1212 ·Peerlkampio
1770 1141 1876 1202 duce
1910 1169 1934 1202 a
1972 1158 2092 1201 nobis
2127 1158 2314 1213 exposita
2350 1160 2447 1201 sunt
2474 1161 2520 1202 ut
2547 1160 2589 1203 in

160 1251 363 1285 summam
397 1238 640 1294 redigantur
677 1238 843 1282 brevem
871 1236 975 1281 baec
1003 1239 1113 1280 sunt.
1157 1236 1338 1291 primum
1367 1248 1515 1291 magna
1549 1236 1657 1281 inest
1691 1237 1735 1281 in
1775 1236 1856 1281 hoc
1897 1237 2078 1281 carmine
2113 1237 2335 1281 verborum
2367 1250 2590 1293 rerumque

159 1318 380 1364 multitudo
419 1330 527 1373 quae
555 1316 837 1362 obfensionem
872 1315 1051 1371 aliquam
1080 1314 1259 1359 habeant
1293 1318 1366 1359 aut
1394 1315 1701 1360 dubitationem.
1737 1316 1848 1372 quod
1884 1318 2011 1372 igitur
2044 1318 2133 1372 ipse
2168 1316 2363 1361 Horatius
2399 1317 2452 1361 de
2487 1319 2589 1361 anti-

159 1401 256 1454 quis
283 1400 419 1454 poetis
448 1398 583 1442 latinis
616 1408 711 1440 cum
747 1396 867 1444 dicit.
895 1397 1018 1446 ,inter
1045 1396 1207 1445 multa‘,
1236 1396 1312 1446 ait,
1344 1396 1529 1445 ‚verbum
1557 1397 1724 1439 emicuit
1757 1397 1792 1440 si
1819 1396 1926 1440 forte
1954 1396 2173 1446 decorum,
2219 1397 2254 1439 si
2283 1409 2425 1440 versus
2450 1398 2588 1451 paullo

159 1478 406 1522 concinnior
446 1488 553 1520 unus
588 1478 632 1519 et
673 1475 799 1525 alter,
847 1476 988 1519 ἰηὲωω
1024 1480 1150 1518 totum
1185 1474 1291 1518 duca
1317 1475 1526 1529 venditque
1559 1479 1739 1529 poma‘,
1780 1476 1930 1518 merito
1958 1475 2003 1518 in
2029 1476 2106 1519 bos
2141 1476 2361 1519 ver-similos
2405 1477 2591 1520 videmur

158 1555 368 1599 conferre:
416 1557 506 1598 tum
536 1553 588 1597 ab
617 1552 853 1597 elocutione
880 1553 997 1596 abest
1024 1565 1131 1608 quae
1157 1555 1223 1595 est
1249 1553 1383 1608 prima
1420 1552 1641 1608 eloquendi
1677 1554 1825 1604 virtus,
1871 1557 2008 1598 certus
2034 1555 2256 1598 verborum
2284 1555 2515 1599 intellectus
2542 1568 2590 1599 ac

159 1637 445 1690 perspicuitas.
482 1637 566 1675 tam
605 1634 716 1676 enim
754 1634 945 1688 ambigue
983 1634 1090 1676 dicta
1124 1636 1220 1676 sunt
1253 1633 1481 1687 compluria
1519 1636 1566 1675 ut
1601 1634 1718 1676 firma
1747 1634 2010 1689 intellegendi
2037 1636 2143 1678 ratio
2171 1636 2365 1679 constitui
2399 1640 2589 1691 nequeat.

157 1715 283 1757 tertio
326 1714 417 1756 loco
453 1712 634 1755 notanda
669 1714 758 1754 erat
790 1713 833 1754 in
862 1724 914 1754 eo
949 1713 1020 1766 qui
1055 1712 1132 1754 hos
1167 1723 1310 1754 versus
1346 1712 1523 1755 confecit
1558 1712 1659 1754 haut
1693 1724 1792 1755 sane
1827 1714 1975 1766 exigua
2010 1713 2265 1756 imbecillitas
2303 1715 2468 1768 ingenii.
2511 1716 2590 1757 boc

159 1793 271 1835 enim
296 1791 511 1834 commisit<
540 1793 588 1832 ut
629 1790 671 1832 in
704 1791 846 1844 paucis
882 1791 1016 1833 verbis
1045 1794 1183 1833 essent
1216 1802 1301 1833 non
1337 1802 1467 1844 pauca
1503 1791 1566 1833 vel
1602 1792 1739 1845 inepta
1775 1803 1851 1845 per
1886 1804 1932 1834 se
1967 1792 2029 1835 vel
2058 1793 2223 1846 oblique
2256 1793 2364 1836 dicta
2391 1794 2455 1836 vel
2484 1795 2591 1836 inter

158 1873 246 1925 ipsa
273 1871 560 1925 repugnantia.
589 1869 768 1922 denique
794 1870 912 1912 abest
938 1871 1064 1913 etiam
1092 1870 1193 1912 illud
1220 1869 1332 1922 quod
1356 1870 1519 1922 perficit
1544 1882 1712 1923 poema,
1761 1884 1867 1913 unus
1895 1872 2191 1915 sententiarum
2224 1885 2369 1917 cursus
2396 1886 2444 1917 ac
2471 1878 2591 1917 tenor

160 1949 231 2003 qui
260 1960 314 1991 ex
341 1961 427 1992 uno
453 1948 567 1992 fonte
598 1948 697 1991 exit.

199 2072 202 2078 ,
311 2025 880 2082 Romanus-Peerlkampius
919 2031 1110 2076 ‚tannem
1148 2027 1299 2081 inquit,
1348 2026 1536 2076 ‚Horatio
1565 2028 1799 2082 mdiqnmn‘.
1829 2028 2022 2082 equidem
2056 2030 2112 2073 ita
2137 2030 2350 2075 subscribo
2378 2034 2423 2075 ut
2460 2033 2590 2076 dicam
