2804 3590
168 749 333 828 Scida
361 780 571 824 horatiana
612 791 716 834 quae
753 779 833 824 hoc
869 779 959 823 loco
998 780 1182 824 obfertur
1210 780 1350 835 paucis
1385 781 1449 823 est
1491 780 1723 824 exctisanda
1765 778 1958 835 brevique
1994 780 2187 824 monendi
2230 783 2328 823 sunt
2363 782 2432 836 qui
2479 782 2580 824 haec

168 864 307 916 legent
348 872 430 914 quo
474 858 599 901 modo
643 871 667 902 e
717 858 868 902 scrinio
911 858 1071 901 exierit.
1133 858 1313 914 ceniega
1351 859 1465 904 enim
1506 858 1676 914 quidam
1710 861 1943 905 carissimus
1989 862 2059 915 qui
2096 861 2202 904 hanc
2242 861 2450 916 praefandi
2487 873 2582 916 pro-

168 941 346 996 vinciam
384 941 623 991 susceperat
664 950 758 981 cum
803 939 846 981 in
894 938 1071 1006 aliquam
1103 938 1355 982 homericam
1399 939 1682 992 quaestionem
1719 940 1902 983 animum
1945 939 2188 983 advertisset
2228 940 2438 994 multaque

167 1019 383 1066 mentatus
410 1018 520 1059 esset
548 1015 601 1059 de
628 999 771 1060 vocula
799 1016 926 1060 trium
955 1002 1183 1062 litterarum
1211 1029 1292 1072 qna
1319 1017 1373 1062 ad
1397 1015 1601 1062 amendes
1628 1018 1853 1062 sentemas
1881 1018 1981 1061 nihil
2010 1021 2073 1061 cst
2099 1017 2292 1068 validius,
2320 1019 2457 1063 subito

166 1095 422 1140 denunciavit
449 1107 584 1150 nuper
611 1096 654 1139 in
682 1108 843 1140 summa
871 1095 988 1151 coma
1016 1108 1156 1139 rerum
1190 1096 1311 1151 copia
1335 1097 1463 1150 atque
1488 1094 1712 1140 adfluentia
1735 1095 1964 1140 admodum
1992 1108 2037 1140 se
2065 1108 2188 1152 egere
2215 1108 2296 1141 nec
2324 1097 2478 1141 babere
2503 1097 2586 1141 tale

112 1181 115 1186 '
165 1174 453 1225 mumsculum
486 1186 569 1227 quo
606 1176 893 1224 narrationem,
918 1175 1202 1218 scholasticam
1245 1176 1359 1220 brevi
1400 1175 1510 1218 foras
1552 1174 1819 1217 emittendam
1865 1178 2196 1229 prosequeretur.
2251 1179 2340 1218 tum
2389 1188 2470 1230 ego
2517 1177 2587 1230 qui

165 1253 344 1297 viderem
372 1265 468 1296 cum
495 1265 644 1308 magna
671 1253 818 1310 barum
836 1253 1066 1298 litterarum
1092 1242 1270 1312 utilItate
1294 1250 1409 1297 Illam
1435 1252 1827 1297 commentationem
1856 1255 1989 1308 premi
2019 1254 2062 1297 in
2090 1253 2264 1297 alterum
2291 1257 2405 1298 certe
2431 1266 2588 1298 annum

146 1333 247 1377 'non
274 1333 491 1388 expostulo
520 1344 616 1376 cum
644 1334 815 1389 conlega
843 1334 1000 1389 optimo
1028 1323 1102 1375 sed
1132 1316 1228 1376 cum
1252 1330 1444 1375 Philtone
1469 1321 1611 1378 tamen
1644 1333 1854 1375 macciano
1883 1334 2028 1375 tacitus
2057 1333 2169 1386 apud
2196 1333 2377 1375 animum
2405 1346 2586 1387 conque-

163 1425 235 1455 ror
262 1413 359 1462 ,sine
386 1412 477 1455 dote
505 1411 677 1455 aulern‘!
731 1412 775 1455 in
810 1412 958 1467 quibus
986 1411 1182 1467 angustiis
1211 1423 1305 1455 cum
1334 1423 1401 1455 res
1426 1414 1473 1454 et
1500 1423 1579 1466 ego
1607 1422 1813 1462 essemus,
1851 1412 2094 1454 occurrebat
2122 1411 2319 1466 Lysiteles
2346 1412 2586 1456 adulescens

163 1492 232 1546 qui
270 1493 333 1534 est
367 1491 411 1533 in
439 1489 584 1533 eadem
612 1490 856 1534 Trinummo
883 1490 1065 1546 plautina
1092 1490 1163 1545 qui
1192 1478 1418 1545 egestatem
1445 1502 1491 1533 se
1518 1489 1791 1533 toleraturum
1820 1491 2037 1544 pollicetur
2063 1491 2098 1533 si
2130 1490 2229 1544 quid
2257 1491 2346 1544 ipse
2373 1492 2424 1533 ab
2451 1503 2586 1546 egeno

162 1570 388 1624 acceperit,
431 1570 695 1625 tenebrisque
734 1570 914 1615 disiectis
950 1570 1023 1613 lux
1056 1569 1284 1625 adparebat
1313 1568 1549 1613 clarissima.
1604 1581 1761 1625 egenus
1798 1569 1909 1612 enim
1949 1569 2021 1612 abs
2059 1582 2142 1624 quo
2185 1570 2439 1625 acciperetur
2472 1571 2585 1625 quod

164 1648 260 1691 satis
289 1649 400 1691 esset
426 1647 480 1691 ad
508 1651 736 1704 egestatem
763 1648 1021 1692 tolerandam
1058 1638 1270 1692 videbatur
1297 1648 1485 1692 inventus
1515 1659 1619 1691 esse.
1676 1649 1735 1721 sic
1771 1649 1895 1702 igitur
1930 1646 2083 1691 habeto
2120 1647 2173 1691 de
2200 1648 2310 1735 scida
2347 1661 2438 1692 mea
2466 1650 2586 1693 hora·

162 1728 272 1770 tiana
301 1729 407 1783 quae
436 1739 461 1771 e
490 1727 643 1771 scrinio
669 1728 784 1771 exiit.

217 1843 219 1845 .
314 1803 440 1860 Quod
474 1804 648 1852 Batavus
683 1806 931 1852 clarissimus
967 1788 1223 1863 nomam·
1231 1805 1528 1862 Ρεενυεαηῳὲω
1561 1805 1738 1861 petierat
1774 1809 1821 1848 ut
1855 1805 1970 1848 litem
2005 1805 2082 1847 sibi
2118 1805 2330 1849 intendere
2365 1807 2509 1850 liceret
2544 1809 2586 1851 in

163 1883 262 1928 illud
298 1883 464 1929 carmen
483 1869 615 1945 quod
649 1886 797 1929 iniuria
825 1887 868 1929 in
896 1867 1108 1929 horatiana
1138 1874 1384 1954 inrepsiSset
1404 1885 1624 1938 locumque
1652 1885 1916 1927 undecimum
1954 1886 1996 1926 in
2024 1885 2268 1927 carminibus
2295 1888 2464 1928 secundi
2493 1887 2586 1944 libri

165 1955 426 2020 occupasset,
455 1967 627 2008 exortus
655 1968 720 2008 est
746 1976 879 2020 nuper
885 1961 1004 2040 huic
1030 1965 1201 2007 carmini
1229 1965 1450 2007 advocatus
1475 1963 1599 2018 longe
1627 1965 1911 2019 gravissimus,
1940 1964 2138 2018 Auqusms
2164 1961 2391 2007 Meinehius.
2426 1976 2480 2007 en
2506 1965 2589 2008 litis

165 2033 519 2087 contestationem.
574 2042 748 2087 Batavus
778 2045 888 2087 enim
916 2056 1102 2092 cannen,
1145 2043 1292 2096 inquit,
1319 2041 1496 2097 Horatio
1533 2045 1754 2097 mde‘yntmt.
1821 2042 1946 2086 Volmt
1978 2044 2119 2098 aliqia‘s
2145 2045 2341 2098 emper-in,
2377 2044 2473 2099 quid
2499 2046 2589 2086 ὑπι-

165 2123 289 2164 tando
319 2123 555 2176 ανφὶηιεηιο
583 2125 755 2170 valeret,
794 2123 902 2177 quod
933 2122 1081 2165 Graeci
1106 2119 1359 2186 Romu‘q‘ue
1389 2128 1555 2174 poetae,
1594 2121 1788 2165 Horatius
1811 2123 2048 2175 praecipue,
2088 2121 2248 2164 ἀίωνείε
2281 2121 2409 2164 modis
2435 2128 2589 2164 tracta·

164 2208 317 2243 verum.
374 2201 454 2244 Sea
493 2207 592 2245 tam
612 2204 807 2251 semmam,
852 2210 935 2244 tam
971 2193 1223 2244 natavitate
1256 2207 1294 2243 et
1323 2201 1493 2243 urbana
1528 2198 1599 2243 illa
1633 2201 1833 2243 Ιιίὶανίεαεε
1869 2206 2063 2243 remotum
2099 2191 2590 2253 nffiaaptadlloraiiim

165 2280 363 2342 leynam.
392 2280 1050 2324 Etunivermmalecohaeret.
1110 2280 1997 2362 Sinalamaennincmdeconsaremawf.
2053 2281 2195 2321 contra
2240 2276 2588 2333 Augustusflei—

165 2359 621 2413 nekiuscarmenhoc,
650 2362 802 2416 inquit,
830 2359 1753 2416 nondiffiteormeinissse'mperhabmsse,
1790 2361 2337 2415 quaeoratiom‘scastitaaee,
2366 2361 2588 2414 moyam

164 2444 366 2483 venustate
400 2451 662 2510 sensumque
694 2442 859 2485 verume
890 2453 994 2497 prae
1022 2442 1157 2485 ceteris
1184 2440 1526 2484 comendam.
1584 2452 1636 2483 en
1670 2451 1815 2483 causae
1847 2438 2068 2480 dictionem
2100 2438 2280 2495 aliquam
2316 2449 2467 2483 meam.
2517 2439 2586 2482 ad-

95 2515 104 2531 '
169 2518 305 2559 scribo
320 2518 444 2580 ‘ipsos
472 2533 612 2564 versus
642 2517 694 2562 de
722 2520 871 2575 quibus
900 2520 1161 2563 statuendum
1189 2521 1253 2562 est
1280 2521 1445 2562 secutus
1473 2520 1580 2573 Aug.
1609 2519 1802 2563 Meinekii
1831 2518 2077 2572 exemplum.

902 2620 1025 2675 Quid¹
1041 2620 1261 2666 bellicosus
1290 2619 1495 2663 Cantaber
1523 2622 1568 2662 et
1594 2618 1778 2674 Scythes.

899 2698 1072 2755 Hirpine
1100 2697 1258 2751 Quinti,
1286 2699 1441 2753 cogitet
1467 2698 1621 2742 Hadria

900 2778 1051 2822 divisus
1079 2777 1260 2827 obiecto,
1288 2777 1473 2822 remittas

901 2866 1114 2910 quaerere.
1168 2866 1222 2898 ne
1249 2855 1431 2909 trepides
1459 2857 1503 2898 in
1530 2866 1650 2897 usum

901 2970 1108 3025 poscentis
1134 2968 1221 3011 aevi
1249 2979 1400 3023 pauca:
1443 2967 1549 3022 fugit
1573 2971 1688 3011 retro

904 3050 1004 3093 levis
1030 3051 1212 3093 iuventas
1238 3050 1283 3091 ct
1306 3048 1452 3099 decor,
1479 3047 1594 3090 arida

902 3127 1082 3185 pellente
1101 3128 1278 3184 >lascivos
1303 3135 1465 3171 amores

897 3208 1047 3254 canitie
1070 3208 1317 3265 &dunque
1344 3215 1548 3252 ωυιυιιιι.
