2804 3590
1359 95 1398 141 V

168 240 236 272 sus
275 227 493 271 vorborum
520 222 661 268 subito
685 221 882 271 inciditur
909 231 1008 265 cun
1031 220 1419 276 non-subsequatur
1452 221 1494 264 id
1524 221 1640 276 quod
1670 222 1947 265 neoessarium
1980 220 2084 278 pinu
2115 221 2189 265 sed
2224 220 2455 267 inmittatur
2487 226 2588 267 alie-

166 306 334 349 thuim
361 304 455 348 beo
481 304 572 346 λιι.
595 301 760 348 recisum
792 302 932 342 autem
970 300 1192 342 verborum
1227 299 1417 342 udinem
1443 301 1479 342 si
1507 301 1563 342 ita
1590 300 1813 344 restitutae
1837 301 2054 344 conaberis
2096 304 2144 343 ut
2169 302 2350 345 voluisse
2377 304 2588 346 hominem

167 379 2403 435 sainarehocfflms,urmoelmbaltap1atanooelmbhaepimegrataquausumnegiagentia
2438 382 2481 424 id
2516 382 2588 423 ad-

167 464 332 506 misisse
353 460 466 515 quod
491 459 646 507 exstat,
690 468 838 499 vereor
870 460 919 499 ut
954 457 1115 500 ecficias
1139 456 1261 511 xquod
1297 457 1472 500 multum
1512 458 1656 512 prosit.
1693 458 1754 500 sic
1786 457 1897 500 enim
1935 470 2031 501 eun
2069 458 2148 501 alta
2181 452 2354 503 v'ocetur
2387 461 2588 514 plata-n,

166 545 308 585 contra
335 541 455 594 phun
483 536 586 579 hanc
612 539 887 586 mensu-dur,
924 537 1122 590 cogitabis
1150 538 1293 590 pinum
1320 547 1406 578 non
1433 536 1567 577 altam.
1596 536 1818 577 meministi
1846 538 1986 578 autem
2014 537 2222 590 ingentem
2249 539 2408 591 pinum.
2436 539 2587 580 simul·

165 632 246 673 qne
272 624 366 662 cum
394 617 521 670 pinus
542 617 795 668 quaeseerto
820 614 913 657 loco
935 617 1016 657 stat
1043 617 1296 659 mansu-etur
1324 615 1583 668 pronomine,
1610 615 1798 668 platanus
1824 626 1910 657 non
1937 618 2205 665 monstretur,
2238 617 2383 671 dispar
2408 618 2457 659 fit
2480 619 2589 660 ratio

166 699 311 742 harum
338 696 533 739 arborum
562 705 737 748 quarum
764 705 847 738 una
874 694 1104 749 eudemo
1139 705 1231 737 esse
1256 693 1394 737 debet.
1428 693 1536 736 male
1571 693 1697 749 igitur
1731 693 1834 736 faeta
1870 694 2004 736 oratio
2033 696 2108 736 est.
2166 693 2247 736 iam
2283 693 2376 737 vide
2416 696 2588 750 adpun-

135 769 140 773 ’
165 783 252 821 tun
280 773 542 820 convivalem.
578 773 694 816 cuius
730 773 839 817 duae
869 774 1006 818 solent
1040 784 1134 817 esse
1169 776 1307 828 partes
1344 774 1472 817 altera
1504 771 1558 815 ad
1572 803 1577 806 -
1593 772 1807 815 oculorum
1834 772 1961 815 altera
1997 772 2048 815 ad
2076 773 2238 816 narium
2274 773 2587 818 oblectationem

163 860 363 911 spectans.
388 854 506 896 adest
532 853 661 907 igitur
687 854 974 897 sanissimum
1000 856 1285 909 unguentum,
1323 853 1540 897 nardinum
1565 852 1726 902 oleum
1772 851 1933 895 videtur
1960 854 2084 896 etiam
2113 852 2258 896 adesse
2287 854 2585 908 lepidissimum

164 935 472 981 ornamentum,
517 941 686 973 rosacea
714 932 883 975 corolla.
910 935 955 975 at
989 933 1144 987 inspice
1180 931 1279 986 quid
1313 932 1501 975 inficetus
1540 931 1670 974 horno
1706 942 1760 973 ex
1795 930 1859 973 his
1892 932 2008 985 qussi
2050 931 2263 975 elementis
2290 932 2455 976 conflet.
2494 933 2589 975 iacit

164 1014 275 1056 euim
301 1011 452 1054 amicos
475 1010 668 1053 odoratos
688 1013 731 1052 et
757 1022 852 1053 rosa
880 1013 922 1053 et
948 1011 1094 1061 nardo,
1121 1013 1170 1053 ut
1198 1010 1383 1053 videatur
1409 1013 1483 1053 aut
1508 1004 1695 1052 muisiss'e
1722 1020 1917 1051 coronam
1941 1013 2015 1051 aut
2040 1011 2236 1053 odoratos
2262 1010 2416 1053 dixisse
2434 1012 2587 1065 inepte.

164 1096 252 1133 tum
288 1101 420 1132 crassa
455 1092 503 1129 ut
536 1089 699 1130 videtur
732 1089 919 1131 Minerva
953 1089 1033 1131 boc
1076 1091 1165 1143 ipso
1202 1090 1294 1132 loeo
1330 1103 1455 1131 canos
1488 1091 1680 1132 enunciat
1715 1089 1896 1141 capillos.
1951 1082 2022 1140 qui
2065 1089 2258 1132 iocularia
2294 1091 2381 1143 agit
2417 1091 2452 1131 is
2489 1101 2587 1131 vero

163 1170 341 1213 amicum
363 1167 504 1210 ridens
531 1168 589 1211 ita
622 1169 780 1227 poterit
809 1151 979 1210 invitare
1016 1172 1063 1210 ut
1095 1169 1138 1210 in
1172 1172 1350 1218 ‚senecta
1373 1170 1522 1210 netatc‘
1556 1168 1680 1221 genio
1714 1166 1867 1220 aliquid
1905 1165 2086 1208 dandum
2122 1170 2307 1216 moneat,
2350 1178 2585 1220 quanquam

163 1260 218 1291 ne
246 1259 343 1291 cum
370 1245 538 1300 quidem
565 1258 661 1288 cum
694 1247 750 1288 ita
779 1246 939 1288 iocctur
965 1258 990 1289 a
1017 1247 1197 1300 modam
1226 1247 1381 1289 doloris
1407 1257 1532 1289 sensu
1558 1247 1768 1288 uiuunt-um
1795 1249 1952 1299 putem.
1981 1245 2062 1287 hoc
2090 1250 2227 1287 antem
2254 1246 2347 1288 loeo
2376 1245 2446 1288 ubi
2483 1247 2587 1287 ami-

164 1337 233 1369 ens
268 1326 338 1378 qui
370 1325 508 1368 animo
542 1326 598 1367 ita
635 1328 699 1367 est
730 1327 975 1368 constitutus
1012 1328 1060 1367 ut
1092 1326 1201 1368 curis
1238 1337 1288 1368 ac
1321 1325 1660 1368 sollicitudinibus
1703 1325 1963 1367 excrucietur
1998 1325 2229 1368 avocandus
2259 1328 2323 1368 est
2358 1337 2382 1368 a
2418 1326 2585 1367 tristitia

164 1407 360 1458 nemque
386 1416 437 1447 ac
463 1402 738 1446 traducendus
763 1403 817 1446 ad
845 1403 1114 1454 hilaritatem,
1155 1415 1251 1447 eum
1276 1415 1401 1447 canos
1428 1406 1724 1447 commemorat
1760 1403 1928 1458 capillos
1965 1402 2100 1457 gladio
2139 1415 2235 1446 eum
2273 1403 2429 1458 iugulat
2456 1415 2583 1458 quem

164 1481 362 1525 consolari
394 1481 491 1524 volt.
517 1486 521 1491 '
548 1482 592 1524 in
619 1482 936 1525 eisdem-verbis
965 1484 1071 1538 Aug.
1089 1479 1321 1526 Meinekius
1348 1494 1425 1525 suo
1452 1483 1544 1524 iure
1570 1477 1871 1524 intolerabilem
1899 1483 2013 1524 ducit
2041 1483 2238 1535 assyriam
2266 1482 2438 1524 nardum
2466 1494 2582 1524 com·

163 1560 413 1614 mendutque
436 1563 635 1603 neutum
662 1572 806 1615 gelius.

312 1648 394 1692 Sed
422 1647 600 1693 amicmn
628 1662 752 1704 quem
776 1651 828 1694 ad
856 1652 1136 1695 suavissimam
1164 1652 1522 1695 conmissationem
1550 1654 1667 1695 vocat
1700 1663 1786 1695 non
1822 1650 1973 1705 abripit
2017 1650 2059 1694 id
2096 1650 2206 1705 quod
2241 1662 2308 1694 res
2336 1650 2491 1694 serebat
2529 1649 2582 1692 ad

164 1730 318 1770 ceteras
347 1739 454 1781 quae
480 1737 577 1773 etim
605 1730 826 1773 manebant
853 1731 1103 1785 voluptates,
1153 1741 1296 1774 verum
1332 1730 1587 1785 ineptissimo
1625 1729 1718 1772 ioco
1747 1733 1916 1773 renovat
1944 1741 2135 1773 curarum
2163 1729 2450 1792 cogitationem
2487 1739 2580 1771 cum

164 1805 260 1848 dicis
285 1806 461 1861 ,dissipa
487 1807 640 1851 Ευῆῖω
666 1819 787 1852 curas
814 1809 980 1852 edaces‘.
1008 1810 1051 1852 in
1080 1809 1227 1863 quibus
1256 1810 1389 1852 verbis
1417 1809 1497 1852 hoc
1524 1811 1669 1852 notatu
1704 1809 1874 1863 dignum
1903 1809 2014 1863 quod
2041 1808 2261 1863 dissipandi
2289 1809 2459 1850 verbum
2486 1808 2582 1849 alibi

162 1885 346 1929 similiter
384 1886 538 1930 dietum
577 1899 662 1930 non
702 1890 844 1930 exstat
899 1890 996 1942 post
1031 1888 1132 1930 haec
1170 1899 1266 1930 cum
1301 1887 1410 1930 redit
1446 1888 1517 1941 qui
1552 1887 1653 1930 haec
1689 1888 1851 1942 scripsit
1883 1888 1936 1931 ad
1965 1888 2129 1930 delicias
2164 1899 2256 1930 suas
2293 1887 2581 1942 proponendas

163 1963 262 2007 haec
308 1963 489 2008 eciundit
528 1966 633 2020 ‚quis
679 1977 785 2021 puer
828 1967 941 2009 ocius
983 1969 1080 2016 —‘‚
1123 1966 1176 2008 ad
1217 1976 1323 2020 quae
1364 1965 1447 2007 Η.-
1462 1965 1509 2007 Ρ.
1546 1965 1715 2008 adnotat
1757 1966 1965 2016 ,Horatius
2002 1966 2138 2021 potius
2179 1966 2407 2021 scripsisset
2465 1968 2580 2021 ,ραι

155 2044 292 2095 pueri,
338 2048 511 2098 ocyioe‘:
553 2047 602 2086 nt
628 2043 728 2086 mihi
756 2044 926 2099 quidem
954 2044 1114 2087 videtur
1141 2030 1363 2087 admodum
1390 2044 1604 2087 subtiliter.
1641 2056 1738 2087 nam
1767 2045 1985 2100 adparatus
2014 2046 2083 2099 qui
2113 2046 2355 2087 describitur
2382 2046 2451 2098 qui
2480 2056 2581 2086 sane

160 2130 244 2161 non
282 2124 345 2162 est
381 2123 555 2176 exiguus
595 2124 832 2176 plenissime
868 2124 1080 2177 perficitur
1116 2135 1210 2164 cum
1237 2124 1374 2165 statim
1403 2135 1628 2177 puerorum
1663 2123 1869 2166 inducitur
1897 2124 2128 2165 multitudo.
2185 2124 2255 2166 sed
2282 2106 2374 2172 sshoc
2411 2123 2581 2176 quidem

162 2197 216 2239 ita
250 2200 381 2250 possis
404 2200 695 2254 interpretari,
724 2204 771 2244 ut
801 2213 824 2244 a
844 2201 994 2244 Batavo
1024 2201 1133 2244 dicas
1162 2201 1266 2244 facta
1294 2212 1385 2244 esse
1413 2201 1586 2243 meliora
1613 2213 1719 2255 quae
1747 2202 1855 2244 bona
1884 2202 2054 2244 fuerant.
2083 2201 2181 2255 quid
2208 2204 2347 2243 autem
2376 2201 2429 2242 de
2452 2213 2580 2255 prac-

161 2281 331 2320 tereume
367 2279 557 2332 lympha?
612 2280 704 2334 quis
740 2282 804 2322 est
832 2279 946 2321 locus
975 2291 1099 2332 quem
1123 2279 1346 2332 praeterit?
1403 2279 1495 2321 villa
1531 2281 1594 2321 est
1629 2280 1672 2321 in
1708 2291 1833 2332 quam
1861 2283 1977 2321 vocat
2003 2280 2190 2321 amicum.
2236 2282 2279 2320 at
2310 2279 2426 2320 villae
2467 2279 2579 2321 nulla

160 2353 262 2396 facta
299 2358 385 2398 erat
420 2358 586 2401 mentio.
652 2370 678 2400 o
719 2361 762 2400 te
789 2355 971 2401 tardum!
1028 2357 1235 2411 platanum
1269 2356 1427 2400 videras
1456 2356 1519 2400 vel
1556 2357 1662 2401 hanc
1709 2358 1863 2412 pinum.
1919 2360 1961 2400 at
1994 2357 2130 2411 poesis
2171 2359 2234 2400 est
2268 2357 2440 2412 pictura.
2498 2358 2580 2401 iam

161 2432 384 2477 omittimus
412 2434 493 2479 hoc
520 2436 632 2490 quod
660 2439 774 2480 caret
800 2439 888 2480 arte
916 2439 959 2480 et
985 2434 1037 2479 ad
1064 2436 1178 2480 aliud
1200 2438 1480 2492 properamus.
1523 2446 1596 2480 ver
1636 2439 1698 2480 est
1724 2437 1788 2480 vel
1816 2438 1944 2480 aestas
1973 2446 2067 2479 cum
2096 2435 2273 2479 amicum
2301 2438 2419 2479 vocat
2449 2439 2496 2479 ut
2534 2448 2579 2480 se

160 2510 319 2558 ‚abiciat
346 2512 388 2554 in
415 2513 556 2558 herha‘
584 2516 659 2558 sub
686 2516 864 2570 platano.
898 2528 952 2558 ne
987 2515 1079 2557 illae
1116 2528 1221 2570 quae
1261 2518 1358 2559 tunc
1395 2528 1420 2558 e
1447 2516 1534 2558 rivo
1561 2519 1849 2570 praetereunte
1876 2515 2120 2558 hauriuntur
2134 2516 2322 2570 'aquulae
2360 2527 2447 2559 non
2475 2516 2578 2558 mul-

158 2592 246 2631 tum
271 2580 460 2635 valebunt
487 2594 539 2636 ad
568 2594 712 2637 falerni
740 2595 933 2637 ardorem
959 2592 1319 2649 restinguendum!

307 2679 496 2735 Denique
531 2684 575 2725 in
611 2685 797 2727 ultimam
825 2684 1035 2738 stropham
1064 2685 1179 2738 quasi
1207 2683 1373 2726 cumulo
1402 2688 1593 2738 congesta
1622 2687 1717 2726 sunt
1744 2695 1848 2737 quae
1882 2696 2062 2726 summas
2099 2683 2275 2726 habeant
2303 2684 2578 2727 obsensiones.

159 2755 270 2808 quod
302 2756 433 2801 11.-P.
476 2762 616 2805 scribit
659 2761 859 2812 ,Scortum
894 2762 949 2805 H.
984 2773 1181 2816 nusquam
1215 2763 1293 2804 m‘si
1324 2763 1368 2804 in
1405 2763 1699 2810 contumeliam,
1746 2773 1870 2816 neque
1906 2763 1983 2803 hac
2018 2768 2146 2803 aetate
2184 2763 2300 2804 aliter
2332 2762 2578 2817 ponebatur-⁴

158 2834 384 2877 rectissime
421 2836 502 2880 hoc
534 2841 695 2883 videtur
729 2842 931 2883 statuisse.
966 2842 1121 2883 devium
1155 2843 1293 2883 autem
1330 2844 1513 2884 scortum
1552 2841 1739 2882 omnibus
1776 2851 1827 2881 an
1861 2852 1945 2882 non
1973 2841 2164 2884 omnibus
2203 2841 2344 2883 venale
2369 2841 2579 2885 habeatur

158 2911 274 2953 facile
302 2917 616 2966 supersedemus
645 2931 867 2972 quaerere,
914 2931 1008 2961 cum
1036 2919 1115 2961 hoc
1141 2920 1184 2961 in
1212 2918 1353 2961 oculos
1382 2919 1561 2962 incurrat
1594 2920 1666 2960 aut
1693 2918 1737 2960 in
1765 2930 1911 2972 magna
1939 2919 2201 2962 festinatione
2230 2919 2369 2972 inepte
2396 2920 2579 2973 puellam

157 3000 180 3031 e
208 3000 375 3034 recessu
410 2993 478 3046 qui
509 2995 676 3050 fingitur
713 2998 833 3042 acciri
875 2999 947 3040 aut
974 2997 1303 3041 inhonestissime
1339 2997 1515 3041 amicum
1543 2995 1595 3039 ad
1624 3008 1813 3051 spurcam
1841 2996 1974 3038 vocari
2003 2998 2268 3053 voluptatem.
2311 3000 2354 3040 at
2382 3001 2477 3040 sunt
2504 2998 2575 3052 qui

158 3067 260 3111 haec
287 3069 408 3112 verba
436 3071 492 3115 ita
519 3076 739 3129 torqueant
773 3079 820 3119 ut
847 3089 1018 3131 spurcae
1045 3075 1220 3120 libidinis
1247 3076 1462 3120 Horatium
1498 3076 1744 3119 insimulent.
1800 3076 1961 3125 eburna}
1997 3076 2084 3132 lyra
2120 3088 2221 3120 num
2258 3078 2302 3120 in
2338 3076 2439 3129 illud
2467 3088 2576 3119 scor-

158 3149 247 3189 tum
273 3151 487 3193 conveniat
513 3157 654 3205 quaeri
687 3159 846 3210 potest,
894 3159 1052 3199 certum
1090 3159 1153 3199 est
1188 3169 1272 3200 non
1307 3156 1525 3199 convenire
1561 3156 1738 3198 eliciendi
1769 3155 1982 3199 rationem.
2014 3169 2111 3199 nam
2151 3156 2302 3201 elicere
2339 3159 2403 3200 est
2439 3155 2575 3199 dedita

159 3236 284 3278 opera
312 3229 525 3282 urguendo
554 3234 597 3275 et
624 3234 869 3279 stimulando
897 3248 1021 3289 quem
1050 3236 1249 3286 excitare,
1296 3235 1396 3279 illud
1433 3238 1571 3279 autem
1606 3235 1826 3281 mulierum
1861 3247 1990 3291 genus
2022 3235 2103 3281 tale
2132 3240 2195 3282 est
2233 3239 2280 3281 ut
2307 3238 2497 3280 accurrat
2523 3235 2574 3278 ad

123 3497 208 3577 Ο
