2804 3590
1392 134 1431 178 u

941 270 1026 302 non
1055 269 1221 314 semper
1249 258 1360 302 idem
1389 258 1559 301 floribus
1588 261 1650 301 est
1677 258 1813 302 honor

942 339 1097 389 vernis,
1127 351 1262 393 neque
1289 351 1374 382 uno
1402 338 1499 382 luna
1525 339 1679 383 rubens
1705 340 1810 383 nitet

941 418 1068 459 voltu.
1124 419 1223 472 quid
1251 419 1430 460 aeternis
1459 419 1662 461 minorem

942 498 1121 539 consiliis
1150 499 1333 539 animum
1360 498 1531 550 fatigas?

937 618 1011 649 cur
1039 618 1125 648 non
1153 608 1230 648 sub
1258 608 1340 650 alta
1370 608 1432 650 vel
1460 608 1623 663 platano
1652 608 1715 649 vel
1743 607 1819 650 hac

938 686 1038 739 pinu
1065 686 1247 728 iacentes
1276 688 1335 730 sic
1362 690 1521 729 temere
1549 689 1592 729 et
1618 697 1713 729 rosa

936 775 1063 806 canos
1092 763 1254 807 odorati
1283 766 1464 820 capillos,

935 842 1036 885 dum
1065 843 1183 894 licet,
1212 845 1448 899 assyriaque
1476 843 1607 886 nardo

937 957 1128 1009 potamus
1156 955 1295 997 uncti?
1340 954 1510 1009 dissipat
1537 954 1696 998 Euhius

263 1087 266 1091 ⁴
934 1043 1053 1074 curas
1083 1032 1239 1074 edaces.
1297 1033 1389 1086 quis
1418 1043 1523 1086 puer
1552 1033 1666 1076 ocius

236 1099 293 1140 Ψ
933 1111 1161 1165 restinguet
1188 1110 1369 1153 ardentis
1397 1110 1542 1154 falerni

934 1190 1080 1244 pocula
1108 1192 1399 1245 praetereunte
1427 1189 1621 1246 lympha?
1830 1192 1861 1218 ³*-

936 1304 1026 1356 quis
1055 1302 1220 1344 devium
1247 1305 1428 1345 scortum
1457 1303 1594 1350 eliciet
1622 1302 1749 1346 domo

941 1381 1113 1436 Lyden?
1170 1382 1326 1424 eburna
1355 1383 1421 1425 dic
1449 1394 1526 1438 age
1555 1395 1650 1426 cum
1679 1383 1765 1438 lyra

935 1463 1132 1508 maturet,
1162 1461 1205 1501 in
1233 1448 1443 1515 comptum
1471 1462 1682 1504 Lacaenae

935 1551 1052 1581 more
1082 1551 1243 1581 comam
1272 1540 1444 1596 religata
1471 1541 1643 1583 nodum.

340 1701 510 1744 iubetur
539 1698 736 1752 Quintius
764 1698 962 1753 Hirpinus
992 1710 1079 1740 non
1108 1710 1253 1740 curare
1281 1698 1382 1752 quid
1411 1700 1594 1754 cogitent
1622 1698 1815 1743 Cantabri
1844 1703 1886 1742 et
1913 1699 2102 1755 Scythae.
2131 1701 2281 1745 horum
2310 1705 2485 1759 cogitata
2518 1717 2622 1758 quae

158 1788 160 1790 ’
186 1781 339 1824 fuerint
374 1783 565 1835 apertum
594 1781 678 1829 est,
716 1777 821 1820 bella
851 1778 963 1820 enim
990 1778 1053 1820 vel
1083 1778 1318 1832 cogitabant
1343 1777 1540 1821 Romanis
1576 1778 1729 1821 inferre
1755 1778 1819 1821 vel
1847 1779 2107 1835 fingebantur
2134 1781 2329 1836 cogitare.
2387 1783 2472 1838 ipsa
2500 1783 2623 1837 igitur
2663 1817 2688 1844 2

188 1860 392 1903 sententia
440 1857 621 1913 postulat
658 1859 705 1899 ut
738 1857 938 1899 bellicosus
972 1868 1057 1900 non
1097 1858 1168 1899 uni
1207 1856 1414 1900 Cantabro
1452 1857 1526 1900 sed
1564 1858 1688 1901 etiam
1729 1856 1906 1913 Scythae
1942 1858 2145 1903 referatur
2181 1860 2408 1922 eademque
2446 1862 2624 1905 declarat

185 1951 311 1993 quam
339 1941 452 1981 recte
481 1936 699 1992 singularis
728 1937 865 1990 coyitet
894 1935 1025 1978 dictus
1043 1935 1240 1985 videatur,
1269 1948 1365 1978 nam
1393 1937 1609 1990 utriusque
1636 1936 1779 1991 populi
1807 1949 1925 1980 mens
1954 1941 2043 1981 erat
2071 1951 2167 1982 una.
2193 1958 2208 1973 ’ν
2223 1940 2482 1995 participium
2511 1938 2621 1993 quod

184 2019 450 2072 subsequitur
478 2018 580 2071 quin
607 2028 772 2059 causam
802 2016 1009 2059 contineat
1038 2016 1215 2058 dubitari
1242 2028 1328 2058 non
1354 2019 1505 2070 potest,
1533 2019 1672 2077 potest
1697 2020 1837 2059 autem
1867 2016 2057 2069 dubitari,
2086 2021 2226 2062 utrum
2244 2021 2430 2074 priorum
2455 2031 2618 2061 causam

184 2099 394 2141 contineat
438 2109 490 2139 an
527 2096 820 2151 posteriorum.
884 2096 1063 2149 primum
1109 2095 1172 2137 sac
1227 2095 1439 2137 continere
1486 2106 1650 2138 causam
1698 2097 1897 2150 priorum.
1953 2098 2023 2151 qui
2059 2096 2310 2143 Cantabrum
2349 2102 2392 2142 et
2428 2097 2618 2152 Scytham

183 2189 314 2219 unum
348 2176 544 2229 idemque
593 2175 811 2217 cons-ilium
849 2175 966 2228 sequi
1003 2174 1271 2222 intellexerit,
1306 2174 1575 2228 participium
1608 2174 1845 2217 adiunctum
1879 2187 1965 2217 non
2000 2177 2153 2231 poterit
2182 2189 2274 2225 >non
2309 2177 2362 2219 ad
2400 2179 2618 2228 utrumque

181 2255 352 2298 referre.
381 2253 494 2308 quod
522 2254 558 2297 si
586 2239 719 2302 facit,
734 2263 928 2306 perverse
963 2253 1105 2295 statuit
1136 2252 1295 2295 ltaliam
1333 2252 1385 2294 ab
1414 2250 1610 2306 Hispania
1636 2253 1791 2307 diiungi
1827 2253 1994 2297 Hadria.
2031 2257 2162 2298 restat
2190 2255 2329 2310 igitur,
2359 2258 2405 2298 ut
2434 2254 2616 2308 quamvis

182 2334 352 2378 invitum
398 2332 584 2376 animum
631 2333 776 2375 avocet
811 2342 836 2374 a
862 2318 1159 2386 coniungendis
1198 2331 1258 2374 eis
1286 2330 1484 2374 membris
1520 2340 1626 2386 quae
1655 2334 1800 2387 suapte
1833 2334 1979 2376 natura
2008 2333 2315 2389 coniunguntur
2342 2332 2529 2388 dicatque
2557 2332 2616 2374 di·

180 2416 290 2457 viam
332 2413 385 2456 de
420 2423 506 2455 uno
544 2412 679 2455 valere
715 2410 876 2465 Scytha.
916 2421 1040 2464 quam
1074 2411 1154 2453 vim
1184 2411 1255 2464 qui
1284 2410 1452 2453 adhibet
1489 2411 1626 2453 animo
1662 2411 1772 2454 idem
1808 2412 2140 2466 aequabilitatem
2176 2414 2458 2456 membrorum
2498 2410 2615 2458 tollit,

182 2505 278 2536 cum
306 2492 507 2535 bellicosus
535 2491 587 2533 ad
626 2492 850 2544 utrumque
877 2501 1031 2532 nomen
1060 2489 1172 2543 quod
1201 2490 1342 2532 subest
1369 2492 1483 2532 recte
1510 2489 1757 2544 adplicetur,
1792 2491 1939 2534 divisus
1969 2494 2111 2535 contra
2141 2491 2254 2545 quod
2281 2494 2376 2546 post
2404 2491 2504 2533 haec
2531 2489 2614 2531 duo

180 2572 350 2615 nomina
386 2574 450 2613 est
485 2570 537 2612 ad
566 2570 743 2611 alterum
782 2569 918 2611 solum
947 2570 1164 2622 pertineat.
1202 2569 1253 2610 de
1280 2581 1327 2611 re
1353 2570 1442 2622 ipsa
1473 2570 1660 2623 adposite
1688 2569 1823 2612 H.-P.
1865 2572 1988 2624 ,quod
2015 2572 2071 2613 ad
2099 2571 2285 2624 Scythas,
2321 2572 2393 2612 hos
2421 2576 2523 2611 totae
2552 2556 2614 2609 ress

180 2655 338 2704 aiones,
386 2651 591 2702 Illyricum
618 2656 654 2690 et
691 2649 932 2695 Pannonia,
973 2662 1001 2689 a
1026 2650 1137 2689 mari
1161 2649 1399 2689 Hadriatico
1438 2650 1709 2701 separabam‘.
1765 2650 1828 2691 fac
1864 2662 1989 2701 porro
2030 2651 2245 2703 participio
2276 2652 2422 2691 dimus
2450 2658 2614 2689 causam

183 2731 385 2772 contineri
420 2730 719 2782 posteriorum,
766 2741 852 2769 non
891 2728 1053 2769 ecficies
1083 2727 1195 2779 quod
1231 2727 1283 2768 sit
1311 2728 1461 2769 sanius.
1519 2740 1615 2769 nam
1654 2727 1723 2779 qui
1753 2727 2004 2771 Cantabrum
2042 2729 2191 2771 metuit
2220 2732 2262 2771 et
2294 2726 2484 2780 Scytham
2521 2735 2613 2777 per-

180 2821 297 2853 verse
334 2809 485 2852 dicitur
508 2810 620 2850 tutus
649 2819 740 2850 esse
768 2818 891 2861 posse
920 2819 943 2849 a
973 2806 1179 2851 Cantabro
1209 2807 1320 2860 quod
1348 2808 1400 2849 sit
1425 2806 1579 2850 Hadria
1615 2809 1840 2860 separatus.
1896 2820 2143 2861 quocunque
2171 2809 2299 2862 igitur
2327 2810 2369 2848 te
2397 2806 2541 2850 vertes,
2571 2801 2612 2842 in

179 2887 488 2944 perversissima
516 2885 703 2927 haerebis
728 2887 945 2928 sententia.
1003 2886 1160 2927 accedit
1191 2886 1243 2927 ad
1270 2885 1374 2926 hanc
1393 2886 1703 2939 perversitatem
1731 2886 1857 2928 altera
1878 2898 2010 2939 eaque
2037 2900 2122 2929 non
2151 2889 2300 2929 minor.
2358 2886 2426 2938 qui
2464 2883 2611 2923 divisus

181 2969 331 3009 dicitur
367 2968 418 3008 ab
455 2966 577 3007 hoste
614 2965 765 3007 Hadria
803 2966 867 3006 vel
904 2966 976 3006 abs
1010 2978 1093 3017 quo
1130 2964 1280 3006 divisus
1310 2964 1439 3006 hostis
1477 2965 1626 3006 eodem
1660 2965 1836 3014 Hadria·,
1884 2967 1918 3007 is
1955 2969 2160 3021 cogitatur
2194 2968 2380 3009 habitare
2415 2965 2456 3005 in
2485 2961 2611 3002 ltalia.

179 3049 296 3090 cuius
325 3047 558 3088 sollicitudo
587 3057 682 3086 cum
711 3047 766 3086 ita
796 3047 955 3087 levatur
981 3048 1028 3085 ut
1055 3046 1245 3085 iubeatur
1281 3046 1492 3086 recordari
1531 3046 1635 3085 mari
1670 3057 1715 3088 se
1751 3047 1803 3086 ab
1845 3046 1964 3087 hoste
1999 3048 2186 3095 defendi,
2232 3047 2392 3087 videtur
2427 3044 2468 3082 in
2497 3043 2610 3080 metu

183 3137 277 3169 esse
308 3137 361 3168 ne
389 3125 520 3168 hostis
548 3126 721 3167 traiecto
750 3126 853 3166 mari
882 3126 924 3167 in
950 3124 1105 3166 ltaliam
1134 3124 1369 3166 descendat.
1425 3123 1538 3177 quod
1574 3124 1663 3166 fieri
1692 3136 1814 3178 posse
1842 3138 1966 3167 nemo
1995 3126 2134 3168 hercle
2161 3125 2337 3179 Augusti
2366 3122 2498 3163 aetate
2526 3122 2610 3157 tam

182 3209 273 3249 erat
299 3205 468 3248 insanus
496 3206 543 3246 ut
571 3205 772 3246 statueret
798 3206 870 3245 aut
897 3203 1097 3246 crederet.
1154 3202 1351 3257 Hirpinus
1379 3201 1574 3255 Quintius
1613 3215 1696 3258 quo
1723 3203 1850 3247 modo
1875 3208 2096 3248 excusetur
2123 3205 2350 3261 adpellatus
2378 3211 2454 3254 pro
2478 3197 2610 3248 Quin-

179 3285 239 3327 tio
266 3283 441 3339 Hirpino
469 3283 511 3326 h.
540 3282 566 3325 1.
594 3294 680 3326 non
707 3294 932 3334 moramur,
960 3285 1151 3326 notamus
1180 3285 1341 3327 tantum
1367 3294 1460 3325 esse
1488 3283 1599 3336 quod
1628 3287 1862 3328 excusetur.
1889 3296 1965 3328 nec
1994 3285 2156 3329 silentio
2186 3285 2311 3327 debet
2338 3275 2606 3335 praetermitti
